@misc{Learn_Entity_Framework_Core,
	author    = "{Learn Entity Framework Core}",
	labelname = "Learn Entity Framework Core",
	howpublished = "Disponible en línea: \url{https://www.learnentityframeworkcore.com/}",
	year      = "2020",
	note      = "Accedido: febrero 2020"
}

@article{Teletrabajo_en_Espana_acuerdo_marco_y_administracion_publica,
	author    = "Ángel Belzunegui Eraso",
	labellang = "spanish",
	title     = "Teletrabajo en España, acuerdo marco y administración pública",
	titlelang = "spanish",
	journal   = "Universidad Rovira i Virgili",
	journallang = "spanish",
	year      = "2008"
}

@manual{Telefonica_Espana,
	author    = "{Telefónica de España, S.A.U.}",
	labelname = "Prueba piloto de teletrabajo para el colectivo <<dentro de convenio>>",
	labellang = "spanish",
	title     = "Acuerdo desarrollo cláusula 12.1 convenio colectivo 2003/2005",
	titlelang = "spanish",
	year      = "2005"
}